<?xml version="1.0" encoding="UTF-8"?><collection xmlns="http://www.loc.gov/MARC21/slim"><record><leader>00361nam--2200133-i-4500</leader><controlfield tag="001">000028975</controlfield><controlfield tag="002">20161230</controlfield><controlfield tag="005">20161230201037</controlfield><controlfield tag="008">060222s1000------------r-----000-0-eng-d</controlfield><datafield ind1=" " ind2=" " tag="080"><subfield code="a">681.3.06</subfield></datafield><datafield ind1=" " ind2=" " tag="100"><subfield code="a">Lecht, Charles Philip</subfield></datafield><datafield ind1=" " ind2=" " tag="245"><subfield code="a">The programmer`s algol: a complete reference</subfield></datafield><datafield ind1=" " ind2=" " tag="260"><subfield code="a">New York, Mcgraw-hill Book Co.,1967. Xxiii + 251p</subfield></datafield><datafield ind1=" " ind2=" " tag="852"><subfield code="a">28957</subfield></datafield></record></collection>